@misc{noauthor_declaration_2012,
  title      = {Déclaration commune des associations luttant contre les effets environnementaux et sanitaires des mines d'uranium en {France} et au {Niger}},
  shorttitle = {Création du « {Collectif} {Mines} d'{Uranium} »},
  url        = {http://www.criirad.org/actualites/dossier2012/mines/declaration_commune_cmu.pdf},
  language   = {french},
  month      = oct,
  year       = {2012},
  pages      = {2}
}

@techreport{noauthor_pngmdr_nodate,
  title       = {{PNGMDR} 2016-18 : {Bilan} d’étape sur la gestion des stations de traitement des eaux des anciens sites uranifères français},
  url         = {https://www.asn.fr/Media/Files/00-PNGMDR/PNGMDR-2016-2018/Bilan-d-etape-sur-la-gestion-des-stations-de-traitement-des-eaux-des-anciens-sites-uraniferes-francais?},
  institution = {AREVA Mines, Direction de la Sécurité et de l'Intégration dans les Territoires / Après-Mines France }
}

@techreport{noauthor_quelles_2010,
  type        = {58609},
  title       = {Quelles techniques pour quels traitements - {Analyses} coûts-bénéfices},
  url         = {https://infoterre.brgm.fr/rapports/RP-58609-FR.pdf},
  institution = {BRGM},
  year        = {2010}
}

@misc{schick_informations_2020,
  title  = {Informations sur les coûts des traitements},
  author = {Schick, Joachim},
  month  = nov,
  year   = {2020}
}

@misc{noauthor_echange_nodate,
  title = {Echange d'ions},
  url   = {https://www.emse.fr/~brodhag/TRAITEME/fich8_3.htm}
}


@inproceedings{raimbault_mine_2020,
  address = {École des Mines de Paris},
  title   = {Mine ? {Une} introduction},
  author  = {Raimbault, Louis},
  month   = nov,
  year    = {2020}
}

@inproceedings{ledoux_notions_2020,
  address = {École des Mines de Paris},
  title   = {Notions d'hydrogéologie appliquées à la mine},
  author  = {Ledoux, Emmanuel},
  month   = nov,
  year    = {2020}
}

@inproceedings{vialleseche_station_2020,
  address = {École des Mines de Paris},
  title   = {Station d'eau potable de {Limoges} {Métropole}},
  author  = {Viallesèche, Jean-Luc},
  month   = nov,
  year    = {2020}
}

@inproceedings{schick_les_2020,
  address = {École des Mines de Paris},
  title   = {Les procédés de traitement des eaux utilisés sur les sites miniers uranifères français},
  author  = {Schick, Joachim},
  month   = nov,
  year    = {2020}
}

@inproceedings{descostes_introduction_2020,
  address = {École des Mines de Paris},
  title   = {Introduction générale aux problématiques de l'{Après}-{Mine}},
  author  = {Descostes, Michael and Chautard, Camille},
  month   = nov,
  year    = {2020}
}

@inproceedings{himeur_apres-mine_2020,
  address = {École des Mines de Paris},
  title   = {Après-{Mine} : {La} gestion des anciens sites miniers},
  author  = {Himeur, Nadine and Kern, Guillaume},
  month   = nov,
  year    = {2020}
}

@inproceedings{benesteau_site_2020,
  address = {École des Mines de Paris},
  title   = {Site de {Bellezane} : {Présentation} du site minier et de son réaménagement},
  author  = {Benesteau, Caroline},
  month   = nov,
  year    = {2020}
}

@misc{noauthor_cartomines_nodate,
  title   = {{CartOmines}},
  url     = {https://oranomining-amf.maps.arcgis.com/apps/Cascade/index.html?appid=7e7ffaf5a709467d8748ad145099b488},
  journal = {Orano}
}

@techreport{lagneau:hal-00614306,
  title               = {{PGT III: distribution hytec-4.0.2}},
  author              = {Lagneau, Vincent and De Dieuleveult, Caroline and Corvisier, J{\'e}r{\^o}me and De Windt, Laurent},
  url                 = {https://hal-mines-paristech.archives-ouvertes.fr/hal-00614306},
  note                = {24 pages},
  hal_local_reference = {R110808VLAG},
  year                = {2011},
  month               = Aug,
  keywords            = {hytec ; pgt},
  hal_id              = {hal-00614306},
  hal_version         = {v1}
}
@misc{site_hytec_hydrodynamique_nodate,
  title    = {Hydrodynamique et réactions – Centre de géosciences, Mines ParisTech - PSL university},
  url      = {https://www.geosciences.minesparis.psl.eu/presentation/hydrodynamique-et-reactions/},
  journal  = {Centre de géosciences Mines ParisTech - PSL}
}
@misc{gmsh_site,
  title = {GMSH: a three-dimensional finite element mesh generator},
  url   = {https://gmsh.info/},
  month = dec,
  year  = {2020}
}
@techreport{societe_areva_nc_etude_2011,
	title = {Etude hydrogéologique complémentaire du site de l'ancienne mine d'uranium de {La} {Ribière}, 23140 {Domeyrot}},
	number = {2011-259},
	author = {{Société Areva NC}},
	month  = jul,
	year   = {2011},
	note   = {165 pages},
}

@misc{irsn_ineris_radon_nodate,
	title = {Le radon, synthèse des connaissances et résultats des premières investigations en environnement minier},
	url = {https://www.irsn.fr/FR/expertise/rapports_expertise/surveillance-environnement/Pages/radon-synthese-connaissances-investigations-environnement-minier.aspx#.X8AUhGhKhPY},
	abstract = {L'Institut de Radioprotection et de Sûreté Nucléaire (IRSN) effectue des recherches et des expertises sur les risques liés à la radioactivité.},
	author = {IRSN, INERIS},
}

@article{fleischer_theory_1983,
	title = {Theory of alpha recoil effects on radon release and isotopic disequilibrium},
	volume = {47},
	issn = {0016-7037},
	url = {http://www.sciencedirect.com/science/article/pii/0016703783901114},
	doi = {10.1016/0016-7037(83)90111-4},
	language = {en},
	number = {4},
	urldate = {2020-12-04},
	journal = {Geochimica et Cosmochimica Acta},
	author = {Fleischer, Robert L},
	month = apr,
	year = {1983},
	pages = {779--784},
}

@misc{inrs_rayonnements_nodate,
	title = {Rayonnements ionisants : réglementation et démarche de prévention},
	url = {https://www.inrs.fr/risques/rayonnements-ionisants/reglementation.html},
	author = {INRS},
}

@misc{irsn_quelle_nodate,
	title = {Quelle est la dose annuelle moyenne de radioactivité reçue en {France} ?},
	url = {https://www.irsn.fr/FR/connaissances/faq/Pages/Quelle_est_la_dose_annuelle_moyenne_de_radioactivite_recue_en_France.aspx},
	author = {IRSN},
}

@misc{autorite_de_surete_nucleaire_reglementation_nodate,
	title = {La réglementation du radon},
	url = {https://www.asn.fr/Informer/Dossiers-pedagogiques/Le-radon/La-reglementation},
	language = {fr},
	author = {Autorité de Sûreté Nucléaire},
}

@phdthesis{ferry_migration_2000,
	title = {La migration du radon 222 dans un sol. {Application} aux stockages de résidus issus du traitement des minerais d’{Uranium}},
	url = { https://www.irsn.fr/FR/Larecherche/Formation_recherche/Theses/Theses-soutenues/DEI/Documents/2000-These-FERRY.pdf},
	school = {Université Paris XI d’Orsay},
	author = {Ferry, Cecile},
	year = {2000},
}

@misc{blanchardon_evaluation_2019,
	title = {Evaluation de la dose radon - {INRS}},
	url = {http://www.inrs.fr/dms/inrs/PDF/Actes-et-comptes-rendus/Radon/Evaluation__radon_EBlanchardon/Evaluation__radon_EBlanchardon.pdf },
	author = {Blanchardon, Eric},
	year = {2019},
}

